<record xmlns="http://www.loc.gov/MARC21/slim" xmlns:xsi="http://www.w3.org/2001/XMLSchema-instance" xsi:schemaLocation="http://www.loc.gov/MARC21/slim http://www.loc.gov/standards/marcxml/schema/MARC21slim.xsd"><leader>01732cz   2200433n  4500</leader><controlfield tag="001">oca00288811 </controlfield><controlfield tag="005">20021210033154.0</controlfield><controlfield tag="008">790702n| acannaabn          |a aaa      </controlfield><datafield ind1=" " ind2=" " tag="010"><subfield code="a">n  79055702 </subfield></datafield><datafield ind1=" " ind2=" " tag="040"><subfield code="a">DLC</subfield><subfield code="b">eng</subfield><subfield code="c">DLC</subfield><subfield code="d">DLC</subfield><subfield code="d">OCoLC</subfield><subfield code="d">DLC</subfield><subfield code="d">InU</subfield><subfield code="d">DLC</subfield><subfield code="d">INS-SF</subfield><subfield code="d">OCoLC</subfield><subfield code="d">CSt-HC</subfield></datafield><datafield ind1=" " ind2="0" tag="053"><subfield code="a">PA3825</subfield><subfield code="b">PA3849</subfield></datafield><datafield ind1="0" ind2=" " tag="100"><subfield code="a">Aeschylus</subfield></datafield><datafield ind1="0" ind2=" " tag="400"><subfield code="a">Eskhil</subfield></datafield><datafield ind1="0" ind2=" " tag="400"><subfield code="a">Eschylus</subfield></datafield><datafield ind1="0" ind2=" " tag="400"><subfield code="a">Aischylos</subfield></datafield><datafield ind1="0" ind2=" " tag="400"><subfield code="a">Esquilo</subfield></datafield><datafield ind1="0" ind2=" " tag="400"><subfield code="a">Eschilo</subfield></datafield><datafield ind1="0" ind2=" " tag="400"><subfield code="a">Eshil</subfield></datafield><datafield ind1="0" ind2=" " tag="400"><subfield code="a">Ã&#x86;skiÌ&#x81;los</subfield></datafield><datafield ind1="0" ind2=" " tag="400"><subfield code="a">Ajschylos</subfield></datafield><datafield ind1="0" ind2=" " tag="400"><subfield code="a">Eschil</subfield></datafield><datafield ind1="0" ind2=" " tag="400"><subfield code="a">Eschyle</subfield></datafield><datafield ind1="0" ind2=" " tag="400"><subfield code="a">AÌ&#x88;schylos</subfield></datafield><datafield ind1="0" ind2=" " tag="400"><subfield code="a">Eskili</subfield></datafield><datafield ind1="0" ind2=" " tag="400"><subfield code="a">AiszkhuÌ&#x88;losz</subfield></datafield><datafield ind1="0" ind2=" " tag="400"><subfield code="a">Eschylos</subfield></datafield><datafield ind1="0" ind2=" " tag="400"><subfield code="a">Iskilos</subfield></datafield><datafield ind1=" " ind2=" " tag="670"><subfield code="a">His Agamemnon, 1940.</subfield></datafield><datafield ind1=" " ind2=" " tag="670"><subfield code="a">His The Oresteia, 1984:</subfield><subfield code="b">CIP t.p. (Aeschylus) data sheet (b. 525 B.C.)</subfield></datafield><datafield ind1=" " ind2=" " tag="670"><subfield code="a">His OÌ&#x81;resteia, 1983:</subfield><subfield code="b">t.p. (Ã&#x86;skiÌ&#x81;los)</subfield></datafield><datafield ind1=" " ind2=" " tag="670"><subfield code="a">Chodkowski, R.R. "Agamemnon" Ajschylosa, 1985:</subfield><subfield code="b">t.p. (Ajschylosa)</subfield></datafield><datafield ind1=" " ind2=" " tag="670"><subfield code="a">Stroe, A. Orestia, 1984:</subfield><subfield code="b">t.p. (Eschil; Eschyle)</subfield></datafield><datafield ind1=" " ind2=" " tag="670"><subfield code="a">His Agamemnon des AÌ&#x88;schylos, 1920.</subfield></datafield><datafield ind1=" " ind2=" " tag="670"><subfield code="a">Kadare, I. Eschyle, ou, L'eÌ&#x81;ternel perdant, c1988:</subfield><subfield code="b">t.p. verso (Eskili)</subfield></datafield><datafield ind1=" " ind2=" " tag="670"><subfield code="a">GoÌ&#x88;roÌ&#x88;g draÌ&#x81;maÌ&#x81;k, 1971:</subfield><subfield code="b">p. 2 (AiszkhuÌ&#x88;losz)</subfield></datafield><datafield ind1=" " ind2=" " tag="670"><subfield code="a">His Agamemnon, 1995:</subfield><subfield code="b">CIP t.p. (Aeschylus) pub. blurb (c. 525 BC-456 BC)</subfield></datafield><datafield ind1=" " ind2=" " tag="670"><subfield code="a">His The seven against Thebes, 1998:</subfield><subfield code="b">CIP galley (Aeschylus (c. 525 BC-456 BC) Greek playwright, born at Eleusis, near Athens, generally considered to be the earliest important writer of the Western theatrical tradition, the first playwright to achieve official recognition in ancient Greece. Of his 90 plays only 7 survive)</subfield></datafield><datafield ind1=" " ind2=" " tag="670"><subfield code="a">Tragedye Eschylosa, 1873.</subfield></datafield><datafield ind1=" " ind2=" " tag="670"><subfield code="a">Der geshmiedtÌ£er PrometÌ£heus, 19--?</subfield></datafield></record>